@manual{Exp1ElectrostaticCharge,
  title        = {Phys 108 Exp1 - Manual - Electrostatic Charge},
  organization = {Middle East Technical University},
  author       = {Dale Allen Rose},
  address      = {Ankara, Turkey},
  year         = {2022},
  month        = {Spring},
  note         = {Available online: \url{https://odtuclass2023s.metu.edu.tr/pluginfile.php/477694/mod_resource/content/1/Phys%20108%20Exp1%20-%20Manual%20-%20Electrostatic%20Charge%20-%202022%20Spring.pdf}}
}

@manual{Exp2EquipotentialElectricFieldLines,
  title        = {Phys 108 Exp2 - Manual - Equipotential and Electric Field Lines},
  organization = {Middle East Technical University},
  author       = {Dale Allen Rose},
  address      = {Ankara, Turkey},
  year         = {2022},
  month        = {Spring},
  note         = {Available online: \url{https://odtuclass2023s.metu.edu.tr/pluginfile.php/477735/mod_resource/content/1/Phys%20108%20Exp2%20-%20Manual%20-%20Equipotential%20and%20Electric%20Field%20Lines%20-%202022%20Spring.pdf}}
}


@manual{EqtoEf,
  title        = {Experiment 1: Equipotential Lines and Electric Fields},
  organization = {MASSACHUSETTS INSTITUTE OF TECHNOLOGY Department of Physics},
  year         = {2006},
  month        = {Spring},
  note         = {Available online: \url{https://ocw.mit.edu/courses/8-02-physics-ii-electricity-and-magnetism-spring-2007/5f7d6bfe8d781aa002b0edda097bc191_experiment1.pdf}}
}

@book{Ohanian_Markert_2007, place={New York}, title={Physics for engineers and scientists}, publisher={W.W. Norton & Co.}, author={Ohanian, Hans C. and Markert, John T.}, year={2007}} 